<?xml version="1.0" encoding="UTF-8"?><collection xmlns="http://www.loc.gov/MARC21/slim"><record><leader>00556nam--2200181-i-4500</leader><controlfield tag="001">000041385</controlfield><controlfield tag="002">20161230</controlfield><controlfield tag="005">20161230201043</controlfield><controlfield tag="008">060222s1000------------r-----000-0-eng-d</controlfield><datafield ind1=" " ind2=" " tag="040"><subfield code="a">IFIN-HH</subfield></datafield><datafield ind1=" " ind2=" " tag="080"><subfield code="a">538.95</subfield></datafield><datafield ind1="1" ind2=" " tag="100"><subfield code="a">Duke, C.B</subfield></datafield><datafield ind1="1" ind2="0" tag="245"><subfield code="a">Solid state physics. advances in research and applications</subfield><subfield code="b">Supplement 10. tunneling in solids</subfield><subfield code="c">C.b. duke</subfield></datafield><datafield ind1=" " ind2=" " tag="260"><subfield code="a">New York</subfield><subfield code="b">Academic Press</subfield><subfield code="c">1969</subfield></datafield><datafield ind1=" " ind2=" " tag="300"><subfield code="a">X+353P</subfield></datafield><datafield ind1=" " ind2=" " tag="490"><subfield code="a">Solid State Physics. Advances In Research And Applications</subfield></datafield><datafield ind1=" " ind2=" " tag="852"><subfield code="a">11711</subfield><subfield code="c">539.2</subfield></datafield><datafield ind1=" " ind2=" " tag="CAT"><subfield code="a">Sys</subfield><subfield code="c">20121001</subfield><subfield code="h">161730</subfield></datafield></record></collection>